
@article{Aad:2012tfa,
      author         = "Aad, Georges and others",
      title          = "{Observation of a new particle in the search for the
                        Standard Model Higgs boson with the ATLAS detector at the
                        LHC}",
      collaboration  = "ATLAS",
      journal        = "Phys. Lett.",
      volume         = "B716",
      year           = "2012",
      pages          = "1-29",
      doi            = "10.1016/j.physletb.2012.08.020",
      eprint         = "1207.7214",
      archivePrefix  = "arXiv",
      primaryClass   = "hep-ex",
      reportNumber   = "CERN-PH-EP-2012-218",
      SLACcitation   = "%%CITATION = ARXIV:1207.7214;%%"
}

@article{Chatrchyan:2012xdj,
      author         = "Chatrchyan, Serguei and others",
      title          = "{Observation of a new boson at a mass of 125 GeV with the
                        CMS experiment at the LHC}",
      collaboration  = "CMS",
      journal        = "Phys. Lett.",
      volume         = "B716",
      year           = "2012",
      pages          = "30-61",
      doi            = "10.1016/j.physletb.2012.08.021",
      eprint         = "1207.7235",
      archivePrefix  = "arXiv",
      primaryClass   = "hep-ex",
      reportNumber   = "CMS-HIG-12-028, CERN-PH-EP-2012-220",
      SLACcitation   = "%%CITATION = ARXIV:1207.7235;%%"
}


@article{Luty:1990bg,
      author         = "Luty, Markus A.",
      title          = "{Dynamical Electroweak Symmetry Breaking With Two
                        Composite Higgs Doublets}",
      journal        = "Phys. Rev.",
      volume         = "D41",
      year           = "1990",
      pages          = "2893",
      doi            = "10.1103/PhysRevD.41.2893",
      reportNumber   = "EFI-89-66",
      SLACcitation   = "%%CITATION = PHRVA,D41,2893;%%"
}

@article{ATLAS:2016lvi,
      author         = "ATLAS collaboration",
      title          = "{Search for New Phenomena in Dijet Events with the ATLAS
                        Detector at $\sqrt{s}$=13 TeV with 2015 and 2016 data}",
      collaboration  = "ATLAS",
      year           = "2016",
      reportNumber   = "ATLAS-CONF-2016-069",
      SLACcitation   = "%%CITATION = ATLAS-CONF-2016-069;%%"
}


% Composite 2HDM

@article{Mrazek:2011iu,
      author         = "Mrazek, J. and Pomarol, A. and Rattazzi, R. and Redi, M.
                        and Serra, J. and Wulzer, A.",
      title          = "{The Other Natural Two Higgs Doublet Model}",
      journal        = "Nucl. Phys.",
      volume         = "B853",
      year           = "2011",
      pages          = "1-48",
      doi            = "10.1016/j.nuclphysb.2011.07.008",
      eprint         = "1105.5403",
      archivePrefix  = "arXiv",
      primaryClass   = "hep-ph",
      reportNumber   = "CERN-PH-TH-2011-122",
      SLACcitation   = "%%CITATION = ARXIV:1105.5403;%%"
}

@article{Bertuzzo:2012ya,
      author         = "Bertuzzo, Enrico and Ray, Tirtha Sankar and de Sandes,
                        Hiroshi and Savoy, Carlos A.",
      title          = "{On Composite Two Higgs Doublet Models}",
      journal        = "JHEP",
      volume         = "05",
      year           = "2013",
      pages          = "153",
      doi            = "10.1007/JHEP05(2013)153",
      eprint         = "1206.2623",
      archivePrefix  = "arXiv",
      primaryClass   = "hep-ph",
      SLACcitation   = "%%CITATION = ARXIV:1206.2623;%%"
}

@article{DeCurtis:2016tsm,
      author         = "De Curtis, Stefania and Moretti, Stefano and Yagyu, Kei
                        and Yildirim, Emine",
      title          = "{LHC Phenomenology of Composite 2-Higgs Doublet Models}",
      year           = "2016",
      eprint         = "1610.02687",
      archivePrefix  = "arXiv",
      primaryClass   = "hep-ph",
      SLACcitation   = "%%CITATION = ARXIV:1610.02687;%%"
}

@article{DeCurtis:2016gly,
      author         = "De Curtis, Stefania and Moretti, Stefano and Yagyu, Kei
                        and Yildirim, Emine",
      title          = "{Theory and Phenomenology of Composite 2-Higgs Doublet
                        Models}",
      year           = "2016",
      eprint         = "1612.05125",
      archivePrefix  = "arXiv",
      primaryClass   = "hep-ph",
      SLACcitation   = "%%CITATION = ARXIV:1612.05125;%%"
}

@article{DiChiara:2016ybc,
      author         = "Di Chiara, Stefano and Heikinheimo, Matti and Tuominen,
                        Kimmo",
      title          = "{Vector resonances at LHC Run II in composite 2HDM}",
      journal        = "JHEP",
      volume         = "03",
      year           = "2017",
      pages          = "009",
      doi            = "10.1007/JHEP03(2017)009",
      eprint         = "1611.09094",
      archivePrefix  = "arXiv",
      primaryClass   = "hep-ph",
      SLACcitation   = "%%CITATION = ARXIV:1611.09094;%%"
}

@article{DeCurtis:2016scv,
      author         = "De Curtis, Stefania and Moretti, Stefano and Yagyu, Kei
                        and Yildirim, Emine",
      title          = "{Perturbative unitarity bounds in composite two-Higgs
                        doublet models}",
      journal        = "Phys. Rev.",
      volume         = "D94",
      year           = "2016",
      number         = "5",
      pages          = "055017",
      doi            = "10.1103/PhysRevD.94.055017",
      eprint         = "1602.06437",
      archivePrefix  = "arXiv",
      primaryClass   = "hep-ph",
      SLACcitation   = "%%CITATION = ARXIV:1602.06437;%%"
}

@article{Zerwekh:2009yu,
      author         = "Zerwekh, Alfonso R.",
      title          = "{Two Composite Higgs Doublets: Is it the Low Energy Limit
                        of a Natural Strong Electroweak Symmetry Breaking
                        Sector?}",
      journal        = "Mod. Phys. Lett.",
      volume         = "A25",
      year           = "2010",
      pages          = "423-429",
      doi            = "10.1142/S0217732310032627",
      eprint         = "0907.4690",
      archivePrefix  = "arXiv",
      primaryClass   = "hep-ph",
      SLACcitation   = "%%CITATION = ARXIV:0907.4690;%%"
}

@article{PhysRevLett.54.1215,
  title = {Is the $\ensuremath{\rho}$ Meson a Dynamical Gauge Boson of Hidden Local Symmetry?},
  author = {Bando, M. and Kugo, T. and Uehara, S. and Yamawaki, K. and Yanagida, T.},
  journal = {Phys. Rev. Lett.},
  volume = {54},
  issue = {12},
  pages = {1215--1218},
  numpages = {0},
  year = {1985},
  month = {Mar},
  publisher = {American Physical Society},
  doi = {10.1103/PhysRevLett.54.1215}
}

%% i2HDM PAPERS

@article{Deshpande:1977rw,
      author         = "Deshpande, Nilendra G. and Ma, Ernest",
      title          = "{Pattern of Symmetry Breaking with Two Higgs Doublets}",
      journal        = "Phys.Rev.",
      volume         = "D18",
      pages          = "2574",
      doi            = "10.1103/PhysRevD.18.2574",
      year           = "1978",
      reportNumber   = "OITS-81",
      SLACcitation   = "%%CITATION = PHRVA,D18,2574;%%",
}

@article{LopezHonorez:2006gr,
      author         = "Lopez Honorez, Laura and Nezri, Emmanuel and Oliver,
                        Josep F. and Tytgat, Michel H.G.",
      title          = "{The Inert Doublet Model: An Archetype for Dark Matter}",
      journal        = "JCAP",
      volume         = "0702",
      pages          = "028",
      doi            = "10.1088/1475-7516/2007/02/028",
      year           = "2007",
      eprint         = "hep-ph/0612275",
      archivePrefix  = "arXiv",
      primaryClass   = "hep-ph",
      reportNumber   = "ULB-TH-06-27",
      SLACcitation   = "%%CITATION = HEP-PH/0612275;%%",
}

@article{Barbieri:2006dq,
      author         = "Barbieri, Riccardo and Hall, Lawrence J. and Rychkov,
                        Vyacheslav S.",
      title          = "{Improved naturalness with a heavy Higgs: An Alternative
                        road to LHC physics}",
      journal        = "Phys.Rev.",
      volume         = "D74",
      pages          = "015007",
      doi            = "10.1103/PhysRevD.74.015007",
      year           = "2006",
      eprint         = "hep-ph/0603188",
      archivePrefix  = "arXiv",
      primaryClass   = "hep-ph",
      reportNumber   = "UCB-PTH-06-04, LBNL-59894",
      SLACcitation   = "%%CITATION = HEP-PH/0603188;%%",
}

@article{Branco:2011iw,
      author         = "Branco, G.C. and Ferreira, P.M. and Lavoura, L. and
                        Rebelo, M.N. and Sher, Marc and others",
      title          = "{Theory and phenomenology of two-Higgs-doublet models}",
      journal        = "Phys.Rept.",
      volume         = "516",
      pages          = "1-102",
      doi            = "10.1016/j.physrep.2012.02.002",
      year           = "2012",
      eprint         = "1106.0034",
      archivePrefix  = "arXiv",
      primaryClass   = "hep-ph",
      SLACcitation   = "%%CITATION = ARXIV:1106.0034;%%",
}

@article{Ginzburg:2010wa,
      author         = "Ginzburg, I. F. and Kanishev, K. A. and Krawczyk, M. and
                        Sokolowska, D.",
      title          = "{Evolution of Universe to the present inert phase}",
      journal        = "Phys. Rev.",
      volume         = "D82",
      year           = "2010",
      pages          = "123533",
      doi            = "10.1103/PhysRevD.82.123533",
      eprint         = "1009.4593",
      archivePrefix  = "arXiv",
      primaryClass   = "hep-ph",
      SLACcitation   = "%%CITATION = ARXIV:1009.4593;%%"
}

%% Unitarity constraint

@article{Arhrib:2012ia,
      author         = "Arhrib, Abdesslam and Benbrik, Rachid and Gaur, Naveen",
      title          = "{$H\to \gamma \gamma$ in Inert Higgs Doublet Model}",
      journal        = "Phys. Rev.",
      volume         = "D85",
      year           = "2012",
      pages          = "095021",
      doi            = "10.1103/PhysRevD.85.095021",
      eprint         = "1201.2644",
      archivePrefix  = "arXiv",
      primaryClass   = "hep-ph",
      SLACcitation   = "%%CITATION = ARXIV:1201.2644;%%"
}


@article{Castillo-Felisola:2013jua,
      author         = "Castillo-Felisola, Oscar and Corral, Crist\'obal and
                        Gonz\'alez, Marcela and Moreno, Gast\'on and Neill, Nicol\'as
                        A. and Rojas, Felipe and Zamora, Jilberto and Zerwekh,
                        Alfonso R.",
      title          = "{Higgs Boson Phenomenology in a Simple Model with Vector
                        Resonances}",
      journal        = "Eur. Phys. J.",
      volume         = "C73",
      year           = "2013",
      number         = "12",
      pages          = "2669",
      doi            = "10.1140/epjc/s10052-013-2669-2",
      eprint         = "1308.1825",
      archivePrefix  = "arXiv",
      primaryClass   = "hep-ph",
      SLACcitation   = "%%CITATION = ARXIV:1308.1825;%%"
}

@article{Carcamo-Hernandez:2013ypa,
      author         = "Carcamo Hernandez, A. E. and Dib, Claudio O. and Zerwekh,
                        Alfonso R.",
      title          = "{The Effect of Composite Resonances on Higgs decay into
                        two photons}",
      journal        = "Eur. Phys. J.",
      volume         = "C74",
      year           = "2014",
      pages          = "2822",
      doi            = "10.1140/epjc/s10052-014-2822-6",
      eprint         = "1304.0286",
      archivePrefix  = "arXiv",
      primaryClass   = "hep-ph",
      SLACcitation   = "%%CITATION = ARXIV:1304.0286;%%"
}

@article{Gintner:2017cfg,
      author         = "Gintner, Mikulas and Juran, Josef",
      title          = "{The LHC mass limits for the $SU(2)_{L+R}$ vector
                        resonance triplet of a strong extension of the Standard
                        model}",
      year           = "2017",
      eprint         = "1705.04806",
      archivePrefix  = "arXiv",
      primaryClass   = "hep-ph",
      SLACcitation   = "%%CITATION = ARXIV:1705.04806;%%"
}

@article{Belyaev:2016lok,
      author         = "Belyaev, Alexander and Cacciapaglia, Giacomo and Ivanov,
                        Igor P. and Rojas, Felipe and Thomas, Marc",
      title          = "{Anatomy of the Inert Two Higgs Doublet Model in the
                        light of the LHC and non-LHC Dark Matter Searches}",
      year           = "2016",
      eprint         = "1612.00511",
      archivePrefix  = "arXiv",
      primaryClass   = "hep-ph",
      SLACcitation   = "%%CITATION = ARXIV:1612.00511;%%"
}

@article{Belyaev:2012qa,
      author         = "Belyaev, Alexander and Christensen, Neil D. and Pukhov,
                        Alexander",
      title          = "{CalcHEP 3.4 for collider physics within and beyond the
                        Standard Model}",
      journal        = "Comput. Phys. Commun.",
      volume         = "184",
      year           = "2013",
      pages          = "1729-1769",
      doi            = "10.1016/j.cpc.2013.01.014",
      eprint         = "1207.6082",
      archivePrefix  = "arXiv",
      primaryClass   = "hep-ph",
      reportNumber   = "PITT-PACC-1209",
      SLACcitation   = "%%CITATION = ARXIV:1207.6082;%%"
}

@article{Baak:2014ora,
      author         = "Baak, M. and Cuth, J. and Haller, J. and Hoecker, A. and
                        Kogler, R. and Munig, K. and Schott, M. and Stelzer, J.",
      title          = "{The global electroweak fit at NNLO and prospects for the
                        LHC and ILC}",
      collaboration  = "Gfitter Group",
      journal        = "Eur. Phys. J.",
      volume         = "C74",
      year           = "2014",
      pages          = "3046",
      doi            = "10.1140/epjc/s10052-014-3046-5",
      eprint         = "1407.3792",
      archivePrefix  = "arXiv",
      primaryClass   = "hep-ph",
      reportNumber   = "DESY-14-124",
      SLACcitation   = "%%CITATION = ARXIV:1407.3792;%%"
}

% Invisible higgs decay searches
@article{Aad:2015txa,
      author         = "Aad, Georges and others",
      title          = "{Search for invisible decays of a Higgs boson using
                        vector-boson fusion in $pp$ collisions at $\sqrt{s}=8$ TeV
                        with the ATLAS detector}",
      collaboration  = "ATLAS",
      journal        = "JHEP",
      volume         = "01",
      year           = "2016",
      pages          = "172",
      doi            = "10.1007/JHEP01(2016)172",
      eprint         = "1508.07869",
      archivePrefix  = "arXiv",
      primaryClass   = "hep-ex",
      reportNumber   = "CERN-PH-EP-2015-186",
      SLACcitation   = "%%CITATION = ARXIV:1508.07869;%%"
}

@techreport{CMS-PAS-HIG-15-012,
      title         = "{A combination of searches for the invisible decays of the
                       Higgs boson using the CMS detector}",
      institution   = "CERN",
      collaboration = "CMS Collaboration",
      address       = "Geneva",
      number        = "CMS-PAS-HIG-15-012",
      year          = "2015",
      reportNumber  = "CMS-PAS-HIG-15-012",
      url           = "https://cds.cern.ch/record/2054465",
}

@article{ATLAS-and-CMS,
      key            = "1393544",
      author         = "ATLAS and CMS Collaborations",
      title          = "{Measurements of the Higgs boson production and decay
                        rates and constraints on its couplings from a combined
                        ATLAS and CMS analysis of the LHC pp collision data at
                        $\sqrt{s}$ = 7 and 8 TeV}",
      year           = "2015",
      reportNumber   = "ATLAS-CONF-2015-044",
      SLACcitation   = "%%CITATION = ATLAS-CONF-2015-044;%%"
}

%%%%%%%%%%%%%%%%%%%%%%%%%% CalcHEP package
@article{CALCHEP,
      author         = "Belyaev, A. and Christensen N. D. and Pukhov, A.", 
      title          = "{CalcHEP 3.4 for collider physics within and beyond the Standard Model}",
      journal        = "Comput. Phys. Commun. ",
      volume         = "184",
      pages          = "1729",
      doi            = "10.1016/j.cpc.2013.01.014",
      year           = "2013",
      eprint         = "1207.6082",
      archivePrefix  = "arXiv",
      primaryClass   = "hep-ph",
      SLACcitation   = "%%CITATION = ARXIV:1207.6082;%%",
}


%%%%%%%%%%%%%%%%%%%%%%%%%% micrOMEGAs package
@article{Belanger:2013oya,
      author         = "Belanger, G. and Boudjema, F. and Pukhov, A. and Semenov,
                        A.",
      title          = "{micrOMEGAs$\_3$: A program for calculating dark matter
                        observables}",
      journal        = "Comput. Phys. Commun.",
      volume         = "185",
      year           = "2014",
      pages          = "960-985",
      doi            = "10.1016/j.cpc.2013.10.016",
      eprint         = "1305.0237",
      archivePrefix  = "arXiv",
      primaryClass   = "hep-ph",
      reportNumber   = "LAPTH-023-13",
      SLACcitation   = "%%CITATION = ARXIV:1305.0237;%%"
}

@article{Belanger:2006is,
      author         = "Belanger, G. and Boudjema, F. and Pukhov, A. and Semenov,
                        A.",
      title          = "{MicrOMEGAs 2.0: A Program to calculate the relic density
                        of dark matter in a generic model}",
      journal        = "Comput. Phys. Commun.",
      volume         = "176",
      year           = "2007",
      pages          = "367-382",
      doi            = "10.1016/j.cpc.2006.11.008",
      eprint         = "hep-ph/0607059",
      archivePrefix  = "arXiv",
      primaryClass   = "hep-ph",
      reportNumber   = "LAPTH-1152-06",
      SLACcitation   = "%%CITATION = HEP-PH/0607059;%%"
}


@article{Belanger:2010gh,
      author         = "Belanger, G. and Boudjema, F. and Brun, P. and Pukhov, A.
                        and Rosier-Lees, S. and Salati, P. and Semenov, A.",
      title          = "{Indirect search for dark matter with micrOMEGAs2.4}",
      journal        = "Comput. Phys. Commun.",
      volume         = "182",
      year           = "2011",
      pages          = "842-856",
      doi            = "10.1016/j.cpc.2010.11.033",
      eprint         = "1004.1092",
      archivePrefix  = "arXiv",
      primaryClass   = "hep-ph",
      reportNumber   = "IRFU-10-24, LAPTH-012-10.",
      SLACcitation   = "%%CITATION = ARXIV:1004.1092;%%"
}

%%%%%%%%%%%%%%% CheckMATE

@article{Drees:2013wra,
      author         = "Drees, Manuel and Dreiner, Herbi and Schmeier, Daniel and
                        Tattersall, Jamie and Kim, Jong Soo",
      title          = "{CheckMATE: Confronting your Favourite New Physics Model
                        with LHC Data}",
      journal        = "Comput. Phys. Commun.",
      volume         = "187",
      year           = "2014",
      pages          = "227-265",
      doi            = "10.1016/j.cpc.2014.10.018",
      eprint         = "1312.2591",
      archivePrefix  = "arXiv",
      primaryClass   = "hep-ph",
      reportNumber   = "ADP-13-29-T849, IFT-UAM-CSIC-13-133,
                        ADP-13-29-T849-IFT-UAM-CSIC-13-133",
      SLACcitation   = "%%CITATION = ARXIV:1312.2591;%%"
}

%%%%%%%%%%%%%%%%%%%%%%% Relic Density from Planck

@article{Ade:2013zuv,
      author         = "Ade, P. A. R. and others",
      title          = "{Planck 2013 results. XVI. Cosmological parameters}",
      collaboration  = "Planck",
      journal        = "Astron. Astrophys.",
      volume         = "571",
      year           = "2014",
      pages          = "A16",
      doi            = "10.1051/0004-6361/201321591",
      eprint         = "1303.5076",
      archivePrefix  = "arXiv",
      primaryClass   = "astro-ph.CO",
      reportNumber   = "CERN-PH-TH-2013-129",
      SLACcitation   = "%%CITATION = ARXIV:1303.5076;%%"
}



@article{Planck:2015xua,
      author         = "Ade, P.A.R. and others",
      title          = "{Planck 2015 results. XIII. Cosmological parameters}",
      collaboration  = "Planck",
      year           = "2015",
      eprint         = "1502.01589",
      archivePrefix  = "arXiv",
      primaryClass   = "astro-ph.CO",
      SLACcitation   = "%%CITATION = ARXIV:1502.01589;%%",
}


@article{Hinshaw:2012aka,
      author         = "Hinshaw, G. and others",
      title          = "{Nine-Year Wilkinson Microwave Anisotropy Probe (WMAP)
                        Observations: Cosmological Parameter Results}",
      collaboration  = "WMAP",
      journal        = "Astrophys. J. Suppl.",
      volume         = "208",
      year           = "2013",
      pages          = "19",
      doi            = "10.1088/0067-0049/208/2/19",
      eprint         = "1212.5226",
      archivePrefix  = "arXiv",
      primaryClass   = "astro-ph.CO",
      SLACcitation   = "%%CITATION = ARXIV:1212.5226;%%"
}

%%%%%%%%%%%%% XENON1T results

@article{Aprile:2017iyp,
      author         = "Aprile, E. and others",
      title          = "{First Dark Matter Search Results from the XENON1T
                        Experiment}",
      collaboration  = "XENON",
      year           = "2017",
      eprint         = "1705.06655",
      archivePrefix  = "arXiv",
      primaryClass   = "astro-ph.CO",
      SLACcitation   = "%%CITATION = ARXIV:1705.06655;%%"
}


@article{Chivukula:2004mu,
      author         = "Chivukula, R. Sekhar and Simmons, Elizabeth H. and He,
                        Hong-Jian and Kurachi, Masafumi and Tanabashi, Masaharu",
      title          = "{Electroweak corrections and unitarity in linear moose
                        models}",
      journal        = "Phys. Rev.",
      volume         = "D71",
      year           = "2005",
      pages          = "035007",
      doi            = "10.1103/PhysRevD.71.035007",
      eprint         = "hep-ph/0410154",
      archivePrefix  = "arXiv",
      primaryClass   = "hep-ph",
      reportNumber   = "MSUHEP-101104, TU-733, DPNU-04-18",
      SLACcitation   = "%%CITATION = HEP-PH/0410154;%%"
}

@article{Staub:2017ktc,
      author         = "Staub, Florian",
      title          = "{Reopen parameter regions in Two-Higgs Doublet Models}",
      year           = "2017",
      eprint         = "1705.03677",
      archivePrefix  = "arXiv",
      primaryClass   = "hep-ph",
      reportNumber   = "KA-TP-21-2017",
      SLACcitation   = "%%CITATION = ARXIV:1705.03677;%%"
}

@article{Chivukula:2004mu,
      author         = "Chivukula, R. Sekhar and Simmons, Elizabeth H. and He,
                        Hong-Jian and Kurachi, Masafumi and Tanabashi, Masaharu",
      title          = "{Electroweak corrections and unitarity in linear moose
                        models}",
      journal        = "Phys. Rev.",
      volume         = "D71",
      year           = "2005",
      pages          = "035007",
      doi            = "10.1103/PhysRevD.71.035007",
      eprint         = "hep-ph/0410154",
      archivePrefix  = "arXiv",
      primaryClass   = "hep-ph",
      reportNumber   = "MSUHEP-101104, TU-733, DPNU-04-18",
      SLACcitation   = "%%CITATION = HEP-PH/0410154;%%"
}

@article{CarcamoHernandez:2017pei,
      author         = "Carcamo Hernandez, A. E. and Saez, Bastian Diaz and
                        Dib, Claudio O. and Zerwekh, Alfonso",
      title          = "{Constraints on vector resonances from a strong Higgs
                        sector}",
      year           = "2017",
      eprint         = "1707.05195",
      archivePrefix  = "arXiv",
      primaryClass   = "hep-ph",
      SLACcitation   = "%%CITATION = ARXIV:1707.05195;%%"
}

@electronic{maxima,
  author = {Maxima},
  year = {2017},
  title = {Maxima, a Computer Algebra System.  Version 5.40.0},
  address = {http://maxima.sourceforge.net/},
  url = {http://maxima.sourceforge.net/},
  owner = {maxima},
  timestamp = {2014.09.08}
}

@electronic{Dirac2,
  author = {Edwin L. Woollett},
  year = {2012},
  title = {Dirac2: A High Energy Physics package for Maxima},
  address = {http://web.csulb.edu/~woollett/},
  url = {http://web.csulb.edu/~woollett/},
  owner = {Edwin L. Woollett},
  timestamp = {}
}
